<?xml version="1.0" encoding="UTF-8"?><collection xmlns="http://www.loc.gov/MARC21/slim"><record><leader>00516nam--2200181-i-4500</leader><controlfield tag="001">000002118</controlfield><controlfield tag="002">20161230</controlfield><controlfield tag="005">20161230201024</controlfield><controlfield tag="008">060222s1000------------r-----000-0-eng-d</controlfield><datafield ind1=" " ind2=" " tag="040"><subfield code="a">IFN-HH</subfield></datafield><datafield ind1=" " ind2=" " tag="080"><subfield code="a">519.5</subfield></datafield><datafield ind1="1" ind2=" " tag="100"><subfield code="a">Fraenkel, Abraham A</subfield></datafield><datafield ind1="1" ind2="0" tag="245"><subfield code="a">Abstract set theory</subfield><subfield code="c">Abraham a. fraenkel</subfield></datafield><datafield ind1=" " ind2=" " tag="260"><subfield code="a">Amsterdam</subfield><subfield code="b">North-holland Publishing Company</subfield><subfield code="c">1953</subfield></datafield><datafield ind1=" " ind2=" " tag="300"><subfield code="a">XII + 479 P</subfield></datafield><datafield ind1=" " ind2=" " tag="490"><subfield code="a">Studies In Logic And The Foundations Of Mathematics</subfield></datafield><datafield ind1=" " ind2=" " tag="852"><subfield code="a">11693</subfield><subfield code="c">519.5</subfield></datafield><datafield ind1=" " ind2=" " tag="CAT"><subfield code="a">Sys</subfield><subfield code="c">20130809</subfield><subfield code="h">115903</subfield></datafield></record></collection>